<record><leader>00000cas a22000007a 4500</leader><controlfield tag="001">20874456</controlfield><controlfield tag="008">900111d18951906mouwr ne      0    0eng d</controlfield><datafield ind1=" " ind2=" " tag="010"><subfield code="a">sn 90061120 </subfield></datafield><datafield ind1=" " ind2=" " tag="040"><subfield code="a">MQN</subfield><subfield code="b">eng</subfield><subfield code="c">MQN</subfield><subfield code="d">OCLCQ</subfield></datafield><datafield ind1=" " ind2=" " tag="042"><subfield code="a">msc</subfield></datafield><datafield ind1="0" ind2="4" tag="245"><subfield code="a">The Democrat-lever.</subfield></datafield><datafield ind1=" " ind2=" " tag="260"><subfield code="a">Plattsburg, Mo. :</subfield><subfield code="b">C.N. Tolman</subfield></datafield><datafield ind1=" " ind2=" " tag="300"><subfield code="a">v.</subfield></datafield><datafield ind1=" " ind2=" " tag="310"><subfield code="a">Weekly</subfield></datafield><datafield ind1="1" ind2=" " tag="362"><subfield code="a">Began in 1895? Ceased in 1906.</subfield></datafield><datafield ind1=" " ind2=" " tag="588"><subfield code="a">Description based on: Vol. 33, no. 27 (Dec. 2, 1898).</subfield></datafield><datafield ind1=" " ind2=" " tag="752"><subfield code="a">United States</subfield><subfield code="b">Missouri</subfield><subfield code="c">Clinton</subfield><subfield code="d">Plattsburg.</subfield></datafield><datafield ind1="0" ind2="4" tag="780"><subfield code="t">Democrat (Plattsburg, Mo.)</subfield><subfield code="w">(DLC)sn 90061119</subfield></datafield><datafield ind1="0" ind2="4" tag="780"><subfield code="t">Register-lever</subfield></datafield><datafield ind1="0" ind2="0" tag="785"><subfield code="t">Clinton County democrat (Plattsburg, Mo.)</subfield><subfield code="w">(DLC)sn 86063657</subfield></datafield></record>